<record><leader>00000cas a2200000 a 4500</leader><controlfield tag="001">22741779</controlfield><controlfield tag="008">901127d19531955ilucr ne      0   a0eng c</controlfield><datafield ind1=" " ind2=" " tag="010"><subfield code="a">sn 90054841 </subfield></datafield><datafield ind1=" " ind2=" " tag="040"><subfield code="a">NVF</subfield><subfield code="b">eng</subfield><subfield code="c">NVF</subfield><subfield code="d">OCLCQ</subfield><subfield code="d">NVF</subfield><subfield code="d">OCLCQ</subfield><subfield code="d">OCLCF</subfield><subfield code="d">OCLCO</subfield><subfield code="d">NVF</subfield></datafield><datafield ind1=" " ind2=" " tag="042"><subfield code="a">pcc</subfield></datafield><datafield ind1=" " ind2=" " tag="043"><subfield code="a">n-us-il</subfield></datafield><datafield ind1="0" ind2=" " tag="130"><subfield code="a">Shelbyville news (Shelbyville, Ill.)</subfield></datafield><datafield ind1="1" ind2="0" tag="245"><subfield code="a">Shelbyville news.</subfield></datafield><datafield ind1=" " ind2=" " tag="260"><subfield code="a">Shelbyville, Ill. :</subfield><subfield code="b">General Newspaper Corp.,</subfield><subfield code="c">1953-1955.</subfield></datafield><datafield ind1=" " ind2=" " tag="300"><subfield code="a">volumes</subfield></datafield><datafield ind1=" " ind2=" " tag="310"><subfield code="a">Semiweekly</subfield></datafield><datafield ind1="0" ind2=" " tag="362"><subfield code="a">80th year, no. 79 (Dec. 17, 1953)-82nd year, no. 7 (Aug. 29, 1955).</subfield></datafield><datafield ind1=" " ind2="0" tag="651"><subfield code="a">Shelbyville (Ill.)</subfield><subfield code="v">Newspapers.</subfield></datafield><datafield ind1=" " ind2="7" tag="651"><subfield code="a">Illinois</subfield><subfield code="z">Shelbyville.</subfield><subfield code="2">fast</subfield><subfield code="0">(OCoLC)fst01217908</subfield></datafield><datafield ind1=" " ind2="7" tag="655"><subfield code="a">Newspapers.</subfield><subfield code="2">fast</subfield><subfield code="0">(OCoLC)fst01423814</subfield></datafield><datafield ind1=" " ind2=" " tag="752"><subfield code="a">United States</subfield><subfield code="b">Illinois</subfield><subfield code="c">Shelby County</subfield><subfield code="d">Shelbyville.</subfield></datafield><datafield ind1="0" ind2="0" tag="780"><subfield code="t">Shelbyville daily news</subfield><subfield code="w">(DLC)sn 90054840</subfield><subfield code="w">(OCoLC)22741701</subfield></datafield><datafield ind1="0" ind2="4" tag="785"><subfield code="t">Shelbyville daily union (Shelbyville, Ill. : 1897)</subfield><subfield code="w">(DLC)sn 90054842</subfield><subfield code="w">(OCoLC)22741961</subfield></datafield><datafield ind1="1" ind2=" " tag="029"><subfield code="a">AU@</subfield><subfield code="b">000025865798</subfield></datafield></record>